@article{desalvo2015us,
  title={The US Office of the National Coordinator for Health Information Technology: progress and promise for the future at the 10-year mark},
  author={DeSalvo, Karen B and Dinkler, Ayame Nagatani and Stevens, Lee},
  journal={Annals of emergency medicine},
  volume={66},
  number={5},
  pages={507--510},
  year={2015},
  publisher={Elsevier}
}